<record><leader>00000cas a22000007a 4500</leader><controlfield tag="001">23435069</controlfield><controlfield tag="008">910408d19731973mnuwr ne      0    0eng d</controlfield><datafield ind1=" " ind2=" " tag="010"><subfield code="a">sn 90059385 </subfield></datafield><datafield ind1=" " ind2=" " tag="040"><subfield code="a">MN#</subfield><subfield code="b">eng</subfield><subfield code="c">MN#</subfield><subfield code="d">OCLCQ</subfield></datafield><datafield ind1=" " ind2=" " tag="042"><subfield code="a">msc</subfield></datafield><datafield ind1=" " ind2=" " tag="043"><subfield code="a">n-us-mn</subfield></datafield><datafield ind1=" " ind2=" " tag="052"><subfield code="a">4144</subfield><subfield code="b">S4:2H6</subfield></datafield><datafield ind1="0" ind2=" " tag="130"><subfield code="a">St. Paul metro midweek sun (St. Paul, Minn. : Highland area ed.)</subfield></datafield><datafield ind1="1" ind2="0" tag="245"><subfield code="a">St. Paul metro midweek sun.</subfield></datafield><datafield ind1="3" ind2="0" tag="246"><subfield code="a">Saint Paul metro midweek sun</subfield></datafield><datafield ind1=" " ind2=" " tag="260"><subfield code="a">Edina, Minn. :</subfield><subfield code="b">Sun Newspapers,</subfield><subfield code="c">-1973.</subfield></datafield><datafield ind1=" " ind2=" " tag="300"><subfield code="a">v.</subfield></datafield><datafield ind1=" " ind2=" " tag="310"><subfield code="a">Weekly</subfield></datafield><datafield ind1="1" ind2=" " tag="362"><subfield code="a">Began in 1973.</subfield></datafield><datafield ind1="0" ind2=" " tag="362"><subfield code="a">-v. 1, no. 7 (July 18, 1973).</subfield></datafield><datafield ind1=" " ind2=" " tag="530"><subfield code="a">Available on microfilm from the Minnesota Historical Society.</subfield></datafield><datafield ind1=" " ind2=" " tag="588"><subfield code="a">Description based on: Vol. 1, no. 3 (June 20, 1973).</subfield></datafield><datafield ind1=" " ind2="0" tag="651"><subfield code="a">Highland Park Community (Saint Paul, Minn.)</subfield><subfield code="v">Periodicals.</subfield></datafield><datafield ind1=" " ind2=" " tag="752"><subfield code="a">United States</subfield><subfield code="b">Minnesota</subfield><subfield code="c">Ramsey</subfield><subfield code="d">Saint Paul.</subfield></datafield><datafield ind1=" " ind2=" " tag="752"><subfield code="a">United States</subfield><subfield code="b">Minnesota</subfield><subfield code="c">Hennepin</subfield><subfield code="d">Edina.</subfield></datafield><datafield ind1="0" ind2="4" tag="785"><subfield code="t">St. Paul metro midweek sun (Saint Paul, Minn. : Como area ed.)</subfield><subfield code="w">(DLC)sn 90059386</subfield></datafield></record>